Automatically generated by Mendeley Desktop 1.19.3
Any changes to this file will be lost if it is regenerated by Mendeley.

BibTeX export options can be customized via Options -> BibTeX in Mendeley Desktop

@misc{CodeIEEE,
title = {{¹IEEE - IEEE Code of Ethics}},
url = {https://www.ieee.org/about/corporate/governance/p7-8.html},
urldate = {2019-03-31}
}
@misc{Gender,
title = {{⁷Why gender equality is key to sustainable development | World Economic Forum}},
url = {https://www.weforum.org/agenda/2015/03/why-gender-equality-is-integral-to-sustainable-development/},
urldate = {2019-03-31}
}
@misc{lika,
title = {{Lika m{\"{o}}jligheter - Universitets- och h{\"{o}}gskoler{\aa}det (UHR)}},
url = {https://www.uhr.se/lika-mojligheter/},
urldate = {2019-05-13}
}
@misc{verksamhet,
abstract = {Det finns cirka 50 h{\"{o}}gskolor, universitet och enskilda utbildningsanordnare i Sverige. H{\"{o}}gskolan {\"{a}}r med cirka 75 500 anst{\"{a}}llda den st{\"{o}}rsta statliga verksamheten. {\AA}r 2017 omsatte Sveriges universitet och h{\"{o}}gskolor cirka 71 miljarder kronor.},
title = {{Hur ser verksamheten ut?}},
url = {https://www.uka.se/fakta-om-hogskolan/universitet-och-hogskolor/hur-ser-verksamheten-ut.html},
urldate = {2019-05-13}
}
@misc{org,
abstract = {Statliga l{\"{a}}ros{\"{a}}ten {\"{a}}r egna myndigheter placerade direkt under regeringen.},
title = {{Hur {\"{a}}r universitet och h{\"{o}}gskolor organiserade?}},
url = {https://www.uka.se/fakta-om-hogskolan/universitet-och-hogskolor/hur-ar-en-hogskola-organiserad.html},
urldate = {2019-05-13}
}
@misc{bachelor,
title = {{Bachelor's Programme in Information and Communication Technology (TCOMK), Programme syllabus for studies starting in autumn 2019, Programme objectives | KTH}},
url = {https://www.kth.se/student/kurser/program/TCOMK/20192/mal?l=en},
urldate = {2019-03-31}
}
@misc{Merriam,
title = {{²Anthropocene | Definition of Anthropocene by Merriam-Webster}},
url = {https://www.merriam-webster.com/dictionary/Anthropocene},
urldate = {2019-03-31}
}
@misc{ungender,
title = {{⁶Goal 5: Gender equality | UNDP}},
url = {https://www.undp.org/content/undp/en/home/sustainable-development-goals/goal-5-gender-equality.html},
urldate = {2019-03-31}
}
@misc{higher,
title = {{³Higher Education Ordinance: II1304 TCOMK HT17-1 Engineering Skills for ICT}},
url = {https://kth.instructure.com/courses/2503/pages/higher-education-ordinance},
urldate = {2019-03-31}
}
@misc{kthnaring,
title = {{N{\"{a}}ringsliv och samh{\"{a}}lle | KTH}},
url = {https://www.kth.se/om/naringsliv},
urldate = {2019-05-13}
}
@misc{investo,
title = {{³Corporate Social Responsibility (CSR)}},
url = {https://www.investopedia.com/terms/c/corp-social-responsibility.asp},
urldate = {2019-03-31}
}
@misc{Smithsonian2019,
title = {{¹What Is the Anthropocene and Are We in It? | Science | Smithsonian}},
url = {https://www.smithsonianmag.com/science-nature/what-is-the-anthropocene-and-are-we-in-it-164801414/},
urldate = {2019-03-31}
}
@techreport{lego,
author = {Group, The Lego},
file = {:home/ejuzovitski/Downloads/Responsibility Report 2018.pdf:pdf},
title = {{The LEGO Group Responsibility Report 2018}},
url = {https://www.lego.com/campaign/responsibilityreport2018/-/media/Project/Campaigns-Grownups/Responsibility-Report-2018/Responsibility-Report-2018.pdf},
year = {2018}
}
@misc{data,
title = {{The age of analytics: Competing in a data-driven world | McKinsey}},
url = {https://www.mckinsey.com/business-functions/mckinsey-analytics/our-insights/the-age-of-analytics-competing-in-a-data-driven-world},
urldate = {2019-05-13}
}
@misc{styr,
abstract = {Riksdag och regering har det {\"{o}}vergripande ansvaret f{\"{o}}r h{\"{o}}gre utbildning och forskning.},
title = {{S{\aa} styrs h{\"{o}}gskolesektorn}},
url = {https://www.uka.se/fakta-om-hogskolan/sa-styrs-hogskolesektorn.html},
urldate = {2019-05-13}
}
@misc{sollentuna,
title = {{Skattekollen}},
url = {https://www.sollentuna.se/sv/kommun--politik/sa-styrs-sollentuna/Kommunens-ekonomi/skattekollen1/},
urldate = {2019-05-13}
}
